<?xml version="1.0" encoding="UTF-8"?><collection xmlns="http://www.loc.gov/MARC21/slim"><record><leader>00584nam--2200217-u-4500</leader><controlfield tag="001">000051419</controlfield><controlfield tag="002">20161230</controlfield><controlfield tag="005">20161230201049</controlfield><controlfield tag="008">080714s1000------------r-----000-0-eng-d</controlfield><datafield ind1=" " ind2=" " tag="020"><subfield code="a">0-8218-0985-7</subfield></datafield><datafield ind1=" " ind2=" " tag="040"><subfield code="a">IFIN-HH</subfield></datafield><datafield ind1=" " ind2=" " tag="080"><subfield code="a">519.218</subfield></datafield><datafield ind1="1" ind2=" " tag="100"><subfield code="a">Paterson,Alan L.T</subfield></datafield><datafield ind1="1" ind2="0" tag="245"><subfield code="a">Amenability</subfield></datafield><datafield ind1=" " ind2=" " tag="260"><subfield code="a">Providence</subfield><subfield code="b">American Mathematical Society</subfield><subfield code="c">1988</subfield></datafield><datafield ind1=" " ind2=" " tag="300"><subfield code="a">452 p</subfield></datafield><datafield ind1=" " ind2=" " tag="490"><subfield code="a">Mathematical Surveys and Monographs</subfield><subfield code="v">Vol.29</subfield></datafield><datafield ind1=" " ind2=" " tag="504"><subfield code="a">Includes Bibliographies and Index</subfield></datafield><datafield ind1=" " ind2="4" tag="650"><subfield code="a">Harmonic Analysis</subfield></datafield><datafield ind1=" " ind2=" " tag="852"><subfield code="a">81469</subfield><subfield code="c">517</subfield></datafield><datafield ind1=" " ind2=" " tag="CAT"><subfield code="a">Sys</subfield><subfield code="c">20080714</subfield><subfield code="h">122733</subfield></datafield></record></collection>